@string{jgr = "J.~Geophys.~Res."}

@Article{HSICdistribution,
   author =       {Gretton A,Fukumizu K, Teo H.C., Song L, Schölkopf B, Smola J.A.},
   title =        {A Kernel Statistical Test of Independence},
   year =         {2007},
   }

@BOOK{HSICDegenerate,
   author = "Serfling R.",
   title= "Approximation Theorems of Mathematical Statistics",
   publisher = "Wiley, New York",
   year = 1980
   }
@Article{RDC1,
   author = {David Lopez-Paz & Bernhard Schölkopf},
   title = {The Randomized Dependence Coefficient},
   year = {2013},
   }

